@article{kim_pan_shen_2013, title={Network-Based Penalized Regression With Application to Genomic Data}, volume={69}, DOI={10.1111/biom.12035}, number={3}, journal={Biometrics}, author={Kim, Sunkyung and Pan, Wei and Shen, Xiaotong}, year={2013}, month={Mar}, pages={582â€“593}}